<?xml version="1.0" encoding="UTF-8"?>
  <record xmlns="http://www.loc.gov/MARC21/slim" type="Authority">
    <leader>00000nz  a2200000nc 4500</leader>
    <controlfield tag="001">129321613</controlfield>
    <controlfield tag="003">DE-101</controlfield>
    <controlfield tag="005">20161121170151.0</controlfield>
    <controlfield tag="008">040819n||aznnnaabn           | aaa    |c</controlfield>
    <datafield tag="024" ind1="7" ind2=" ">
      <subfield code="a">129321613</subfield>
      <subfield code="0">http://d-nb.info/gnd/129321613</subfield>
      <subfield code="2">gnd</subfield>
    </datafield>
    <datafield tag="035" ind1=" " ind2=" ">
      <subfield code="a">(DE-101)129321613</subfield>
    </datafield>
    <datafield tag="035" ind1=" " ind2=" ">
      <subfield code="a">(DE-588)129321613</subfield>
    </datafield>
    <datafield tag="035" ind1=" " ind2=" ">
      <subfield code="z">(DE-588a)129321613</subfield>
      <subfield code="9">v:zg</subfield>
    </datafield>
    <datafield tag="035" ind1=" " ind2=" ">
      <subfield code="z">(DE-588a)137879946</subfield>
    </datafield>
    <datafield tag="035" ind1=" " ind2=" ">
      <subfield code="z">(DE-588a)100973426</subfield>
    </datafield>
    <datafield tag="040" ind1=" " ind2=" ">
      <subfield code="a">DE-12</subfield>
      <subfield code="c">DE-12</subfield>
      <subfield code="9">r:DE-12</subfield>
      <subfield code="b">ger</subfield>
      <subfield code="d">9999</subfield>
    </datafield>
    <datafield tag="042" ind1=" " ind2=" ">
      <subfield code="a">gnd1</subfield>
    </datafield>
    <datafield tag="043" ind1=" " ind2=" ">
      <subfield code="c">XA-DE</subfield>
    </datafield>
    <datafield tag="075" ind1=" " ind2=" ">
      <subfield code="b">p</subfield>
      <subfield code="2">gndgen</subfield>
    </datafield>
    <datafield tag="075" ind1=" " ind2=" ">
      <subfield code="b">piz</subfield>
      <subfield code="2">gndspec</subfield>
    </datafield>
    <datafield tag="079" ind1=" " ind2=" ">
      <subfield code="a">g</subfield>
      <subfield code="q">a</subfield>
      <subfield code="q">f</subfield>
      <subfield code="q">l</subfield>
    </datafield>
    <datafield tag="100" ind1="1" ind2=" ">
      <subfield code="a">Lützow, Kurt &#152;von&#156;</subfield>
      <subfield code="d">-1670</subfield>
    </datafield>
    <datafield tag="375" ind1=" " ind2=" ">
      <subfield code="a">1</subfield>
      <subfield code="2">iso5218</subfield>
    </datafield>
    <datafield tag="400" ind1="1" ind2=" ">
      <subfield code="a">Lützow, Churdt &#152;von&#156;</subfield>
      <subfield code="d">-1670</subfield>
    </datafield>
    <datafield tag="400" ind1="1" ind2=" ">
      <subfield code="a">Lützow, Churd &#152;von&#156;</subfield>
      <subfield code="d">-1670</subfield>
    </datafield>
    <datafield tag="400" ind1="1" ind2=" ">
      <subfield code="a">Lützow, Curd &#152;von&#156;</subfield>
      <subfield code="d">-1670</subfield>
    </datafield>
    <datafield tag="400" ind1="1" ind2=" ">
      <subfield code="a">Lützow, Cordt &#152;von&#156;</subfield>
      <subfield code="d">-1670</subfield>
    </datafield>
    <datafield tag="400" ind1="1" ind2=" ">
      <subfield code="a">Lützow, Curt &#152;von&#156;</subfield>
      <subfield code="d">-1670</subfield>
    </datafield>
    <datafield tag="400" ind1="1" ind2=" ">
      <subfield code="a">Lützow, Curdt &#152;von&#156;</subfield>
      <subfield code="d">-1670</subfield>
    </datafield>
    <datafield tag="400" ind1="1" ind2=" ">
      <subfield code="a">Lutzow, Cuhrt &#152;von&#156;</subfield>
      <subfield code="d">-1670</subfield>
    </datafield>
    <datafield tag="400" ind1="1" ind2=" ">
      <subfield code="a">Lutzow, Cort &#152;von&#156;</subfield>
      <subfield code="d">-1670</subfield>
    </datafield>
    <datafield tag="400" ind1="1" ind2=" ">
      <subfield code="a">Lützow zu Goldenbaw, Kurd &#152;von&#156;</subfield>
      <subfield code="d">-1670</subfield>
    </datafield>
    <datafield tag="400" ind1="1" ind2=" ">
      <subfield code="a">Lützow auf Goldenbau, Kurt &#152;von&#156;</subfield>
      <subfield code="d">-1670</subfield>
    </datafield>
    <datafield tag="400" ind1="1" ind2=" ">
      <subfield code="a">Lützow auf Goldenbow, Kurt &#152;von&#156;</subfield>
      <subfield code="d">-1670</subfield>
    </datafield>
    <datafield tag="400" ind1="1" ind2=" ">
      <subfield code="a">Lützow auf Goldenbow und Marsow, Kurt &#152;von&#156;</subfield>
      <subfield code="d">-1670</subfield>
    </datafield>
    <datafield tag="400" ind1="1" ind2=" ">
      <subfield code="a">Lüzaw, Kurt &#152;von&#156;</subfield>
      <subfield code="d">-1670</subfield>
    </datafield>
    <datafield tag="400" ind1="1" ind2=" ">
      <subfield code="a">Lützau, Kurt &#152;von&#156;</subfield>
      <subfield code="d">-1670</subfield>
    </datafield>
    <datafield tag="510" ind1="2" ind2=" ">
      <subfield code="0">(DE-101)000836419</subfield>
      <subfield code="0">(DE-588)83641-2</subfield>
      <subfield code="0">https://d-nb.info/gnd/83641-2</subfield>
      <subfield code="a">Heiliges Römisches Reich</subfield>
      <subfield code="b">Reichshofrat</subfield>
      <subfield code="4">affi</subfield>
      <subfield code="4">https://d-nb.info/standards/elementset/gnd#affiliation</subfield>
      <subfield code="w">r</subfield>
      <subfield code="i">Affiliation</subfield>
      <subfield code="e">Affiliation</subfield>
    </datafield>
    <datafield tag="548" ind1=" " ind2=" ">
      <subfield code="a">-1670</subfield>
      <subfield code="4">datl</subfield>
      <subfield code="4">https://d-nb.info/standards/elementset/gnd#dateOfDeath</subfield>
      <subfield code="w">r</subfield>
      <subfield code="i">Lebensdaten</subfield>
    </datafield>
    <datafield tag="550" ind1=" " ind2=" ">
      <subfield code="0">(DE-101)041569342</subfield>
      <subfield code="0">(DE-588)4156934-9</subfield>
      <subfield code="0">https://d-nb.info/gnd/4156934-9</subfield>
      <subfield code="a">Gesandter</subfield>
      <subfield code="4">berc</subfield>
      <subfield code="4">https://d-nb.info/standards/elementset/gnd#professionOrOccupation</subfield>
      <subfield code="w">r</subfield>
      <subfield code="i">Charakteristischer Beruf</subfield>
    </datafield>
    <datafield tag="667" ind1=" " ind2=" ">
      <subfield code="a">3</subfield>
    </datafield>
    <datafield tag="667" ind1=" " ind2=" ">
      <subfield code="a">VD-17</subfield>
    </datafield>
    <datafield tag="670" ind1=" " ind2=" ">
      <subfield code="a">NDB/ADB-online</subfield>
    </datafield>
    <datafield tag="672" ind1=" " ind2="0">
      <subfield code="a">Bitsch, Caspar: Dodecas Quaestionum Iuris Miscellanearum. - 1629</subfield>
    </datafield>
    <datafield tag="672" ind1=" " ind2="0">
      <subfield code="a">Copiae Des Kayserl. Residenten in Hamburg Cort von Lutzowen, wie auch ProviantCommissarii Siebern Schreibens respective an den Käyser und Herrn Graff Kurtzen Vice-Cantzlern gethan. - [1641]</subfield>
    </datafield>
    <datafield tag="672" ind1=" " ind2="0">
      <subfield code="a">Abdruck Eines Intercipirten Schreibens, Welches wegen Der verfassung, darin Königliche Maytt: zu Dennemarck Norwegen, etc. Sich itziger zeit gestellet, An Ertzhertzog Leopoldt Willhelmen, Hochfürstl: Durchl: der Käyserlicher in Hamburg, Residirender Commissarius, Curdt von Lützow abgehen lassen. - [1641]</subfield>
    </datafield>
    <datafield tag="672" ind1=" " ind2="0">
      <subfield code="a">Copia Schreibens An Ihr Königl. Mayest. - 1641</subfield>
    </datafield>
    <datafield tag="675" ind1=" " ind2=" ">
      <subfield code="a">LCAuth</subfield>
    </datafield>
    <datafield tag="678" ind1=" " ind2=" ">
      <subfield code="b">Mecklenburg. Ritter; 1629 Respondent an der Univ. Straßburg; 1640-1641 kaiserl. Gesandter bei den Friedensverhandlungen mit Schweden in Hamburg; Reichshofrat; seit 1643 Reichsfreiherr; verheiratet mit Anna Sophia von Wobersnow</subfield>
    </datafield>
    <datafield tag="913" ind1=" " ind2=" ">
      <subfield code="S">pnd</subfield>
      <subfield code="i">a</subfield>
      <subfield code="a">Lützow, Kurt /von</subfield>
      <subfield code="0">(DE-588a)129321613</subfield>
    </datafield>
  </record>
